@article{yusalzmann,
  author    = {Kaicheng Yu and
               Mathieu Salzmann},
  title     = {Second-order Convolutional Neural Networks},
  journal   = {CoRR},
  volume    = {abs/1703.06817},
  year      = {2017},
  url       = {http://arxiv.org/abs/1703.06817},
  archivePrefix = {arXiv},
  eprint    = {1703.06817},
  timestamp = {Wed, 07 Jun 2017 14:40:08 +0200},
  biburl    = {http://dblp.org/rec/bib/journals/corr/YuS17a},
  bibsource = {dblp computer science bibliography, http://dblp.org}
}
@ARTICLE{chengzhouhan, 
author={G. Cheng and P. Zhou and J. Han}, 
journal={IEEE Transactions on Geoscience and Remote Sensing}, 
title={Learning Rotation-Invariant Convolutional Neural Networks for Object Detection in VHR Optical Remote Sensing Images}, 
year={2016}, 
volume={54}, 
number={12}, 
pages={7405-7415}, 
doi={10.1109/TGRS.2016.2601622}, 
ISSN={0196-2892}, 
month={Dec},}
@inproceedings{jaderberg,
  title={Spatial transformer networks},
  author={Jaderberg, Max and Simonyan, Karen and Zisserman, Andrew and others},
  booktitle={Advances in Neural Information Processing Systems},
  pages={2017--2025},
  year={2015}
}
